@article{haber,
	author = "Haber Stuart and Stornetta, W. Scott",
	title = {How to time-stamp a digital document},
	journal = "Journal of Cryptology",
	month = "1",
	year = "1991",
	volume = "3",
	number = "2",
	pages = "99â€“111"
}
@book{cryptocurrencytech,
	author = "Narayanan Arvind and Bonneau Joseph and Felten Edward and Miller Andrew and Goldfeder Steven",
	year = "2016",
	title = "Bitcoin and cryptocurrency technologies: a comprehensive introduction",
	publisher = "Princeton University Press"
}
